<record><leader>00000cas a2200000 a 4500</leader><controlfield tag="001">21613726</controlfield><controlfield tag="008">900529u1970uuuufluer n       0   b0spa c</controlfield><datafield ind1=" " ind2=" " tag="010"><subfield code="a">sn 90002293 </subfield></datafield><datafield ind1=" " ind2=" " tag="040"><subfield code="a">NSD</subfield><subfield code="b">eng</subfield><subfield code="c">NSD</subfield><subfield code="d">FUG</subfield><subfield code="d">OCLCQ</subfield><subfield code="d">OCLCF</subfield><subfield code="d">OCLCO</subfield></datafield><datafield ind1=" " ind2=" " tag="012"><subfield code="l">1</subfield></datafield><datafield ind1="0" ind2=" " tag="022"><subfield code="a">1050-7957</subfield><subfield code="l">1050-7957</subfield><subfield code="2">1</subfield></datafield><datafield ind1="1" ind2=" " tag="029"><subfield code="a">AU@</subfield><subfield code="b">000020584754</subfield></datafield><datafield ind1=" " ind2=" " tag="042"><subfield code="a">nsdp</subfield><subfield code="a">pcc</subfield></datafield><datafield ind1="1" ind2="0" tag="082"><subfield code="a">056</subfield><subfield code="2">11</subfield></datafield><datafield ind1="0" ind2=" " tag="130"><subfield code="a">Alerta (Miami, Fla.)</subfield></datafield><datafield ind1="0" ind2=" " tag="210"><subfield code="a">Alerta</subfield><subfield code="b">(Miami Fla.)</subfield></datafield><datafield ind1=" " ind2="0" tag="222"><subfield code="a">Alerta</subfield><subfield code="b">(Miami, Fla.)</subfield></datafield><datafield ind1="0" ind2="0" tag="245"><subfield code="a">Alerta.</subfield></datafield><datafield ind1=" " ind2=" " tag="260"><subfield code="a">Miami [Fla.] :</subfield><subfield code="b">Benjamin de la Vega,</subfield><subfield code="c">1970-</subfield></datafield><datafield ind1=" " ind2=" " tag="300"><subfield code="a">v. :</subfield><subfield code="b">ill. ;</subfield><subfield code="c">45-58 cm.</subfield></datafield><datafield ind1=" " ind2=" " tag="310"><subfield code="a">Biweekly,</subfield><subfield code="b">Sept. 1977-</subfield></datafield><datafield ind1=" " ind2=" " tag="321"><subfield code="a">Weekly,</subfield><subfield code="b">1970-Aug. 1977</subfield></datafield><datafield ind1="1" ind2=" " tag="362"><subfield code="a">Vol. 1, no. 1 (19 de feb. 1970)-</subfield></datafield><datafield ind1=" " ind2=" " tag="500"><subfield code="a">Starting with: An&#771;o 1, no. 2 (26 de feb. 1970) -  imprint varies: Alerta Pub.</subfield></datafield><datafield ind1=" " ind2=" " tag="530"><subfield code="a">Also available on microfilm from the University of Florida.</subfield></datafield><datafield ind1=" " ind2="0" tag="650"><subfield code="a">Cubans</subfield><subfield code="z">Florida</subfield><subfield code="v">Newspapers.</subfield></datafield><datafield ind1=" " ind2="0" tag="651"><subfield code="a">Miami (Fla.)</subfield><subfield code="v">Newspapers.</subfield></datafield><datafield ind1=" " ind2="0" tag="651"><subfield code="a">Miami-Dade County (Fla.)</subfield><subfield code="v">Newspapers.</subfield></datafield><datafield ind1=" " ind2="7" tag="655"><subfield code="a">Newspapers.</subfield><subfield code="2">fast</subfield><subfield code="0">(OCoLC)fst01423814</subfield></datafield><datafield ind1=" " ind2="7" tag="650"><subfield code="a">Cubans.</subfield><subfield code="2">fast</subfield><subfield code="0">(OCoLC)fst00884834</subfield></datafield><datafield ind1=" " ind2="7" tag="651"><subfield code="a">Florida.</subfield><subfield code="2">fast</subfield><subfield code="0">(OCoLC)fst01205150</subfield></datafield><datafield ind1=" " ind2="7" tag="651"><subfield code="a">Florida</subfield><subfield code="z">Miami.</subfield><subfield code="2">fast</subfield><subfield code="0">(OCoLC)fst01213727</subfield></datafield><datafield ind1=" " ind2="7" tag="651"><subfield code="a">Florida</subfield><subfield code="z">Miami-Dade County.</subfield><subfield code="2">fast</subfield><subfield code="0">(OCoLC)fst01287298</subfield></datafield><datafield ind1="1" ind2=" " tag="700"><subfield code="a">Vega, Benjamin de la.</subfield></datafield><datafield ind1=" " ind2=" " tag="752"><subfield code="a">United States</subfield><subfield code="b">Florida</subfield><subfield code="c">Miami-Dade</subfield><subfield code="d">Miami.</subfield></datafield><datafield ind1="1" ind2=" " tag="776"><subfield code="c">Microfilm</subfield><subfield code="d">George A. Smathers Libraries, University of Florida</subfield><subfield code="w">(DLC)sn 00065272</subfield><subfield code="w">(OCoLC)43403400</subfield></datafield><datafield ind1=" " ind2=" " tag="936"><subfield code="a">An&#771;o 8, no. 382 (24 de feb. 1978) LIC</subfield></datafield></record>